03300000         2359086070001590033152500830119197901525 0000130007325 CAMIM CLINICA MEDICA LTDA     Banco Santander Banespa                 12306201512413600000106000000                                                           0000000001
03300011C3001031 2359086070001590033152500830119197901525 0000130007325 CAMIM CLINICA MEDICA LTDA                                             EST. ENTENDENTE MAGALHAES     488                 RIO DE JANEIRO      21331720RJ                  
0330001300001A00000003303457 0000010009335 LEONARDO CARNEIRO DE SOUZA    5467                23062015BRL000000000000000000000000072000                    23062015000000000072000CAMIM                                   01          0          
03300015         000003000000000000072000000000000000000001000000                                                                                                                                                                               
03399999         000001000005                                                                                                                                                                                                                   